<?xml version="1.0" encoding="UTF-8"?><collection xmlns="http://www.loc.gov/MARC21/slim"><record><leader>00589nam--2200181-i-4500</leader><controlfield tag="001">000028258</controlfield><controlfield tag="002">20161230</controlfield><controlfield tag="005">20161230201037</controlfield><controlfield tag="008">060222s1000------------r-----000-0-fre-d</controlfield><datafield ind1=" " ind2=" " tag="040"><subfield code="a">IFIN-HH</subfield></datafield><datafield ind1=" " ind2=" " tag="041"><subfield code="a">fre</subfield></datafield><datafield ind1=" " ind2=" " tag="080"><subfield code="a">015:536.45:546.3-31</subfield></datafield><datafield ind1="1" ind2=" " tag="100"><subfield code="a">Le Brusq, Henri</subfield></datafield><datafield ind1="1" ind2="0" tag="245"><subfield code="a">Sur l`etude a haute temperature des proprietes electriques de quelques oxydes et sulfures non-stoechiometriques de metaux de transition</subfield><subfield code="b">These</subfield><subfield code="c">Henri le brusq</subfield></datafield><datafield ind1=" " ind2=" " tag="260"><subfield code="a">Amiens</subfield><subfield code="b">Faculte Des Sciences D`Amiens</subfield><subfield code="c">1972</subfield></datafield><datafield ind1=" " ind2=" " tag="300"><subfield code="a">100 P. + XV</subfield></datafield><datafield ind1=" " ind2=" " tag="852"><subfield code="a">38114</subfield><subfield code="c">536</subfield></datafield><datafield ind1=" " ind2=" " tag="CAT"><subfield code="a">Sys</subfield><subfield code="c">20110509</subfield><subfield code="h">140044</subfield></datafield></record></collection>